3254 5238
568 346 680 401 66
1482 346 1988 403 0οΜΡο81ΤΑΕ.

564 460 723 512 mina⁴
739 461 833 512 vel
860 460 1241 528 appendicula
1270 460 1743 514 intermediarum
1784 465 1818 514 3
1849 464 1951 521 lin.
1995 465 2193 534 longa,
2236 463 2572 515 interiorum
2608 463 2886 531 breviore,

555 547 761 598 'omnes
804 533 1025 596 niveae,
1076 532 1169 583 vel
1214 532 1398 583 rarius
1436 532 1696 597 juniores
1747 535 1905 602 apice
1952 540 2112 587 extus
2158 534 2365 601 pallide
2410 550 2630 587 roseae.
2678 534 2887 603 Recep-

563 602 808 652 taculum
834 603 1044 655 leviter
1073 602 1434 659 alveolatum.
1492 603 1771 655 Achaenia
1803 607 2062 670 obovata,
2098 620 2438 670 compressa,
2484 606 2768 657 levissime
2799 612 2886 657 tu-

558 671 868 737 berculata,
918 673 1175 725 erostria.
1226 672 1406 741 Puppi
1440 679 1596 727 setae
1639 676 1970 743 plumosae,
2007 676 2133 728 basi
2165 675 2415 739 albulae,
2448 676 2560 728 ima
2596 673 2717 729 basi
2751 679 2885 729 sub-

560 748 870 809 connatae,
920 744 1078 811 apice
1111 745 1399 797 tenuiores
1419 783 1434 809 ,
1482 747 1713 815 longius
1742 748 2040 814 plumosae
2061 786 2077 813 ,
2122 743 2363 798 citi-inae
2394 745 2477 813 ¹⁸).

683 829 828 894 216.
876 828 1296 912 Gnaphalium
1327 834 1802 892 involueratum
1839 837 2097 897 Forster
2124 838 2343 908 prodr.
2371 853 2438 910 p.
2468 839 2680 897 55.-
2700 790 2883 899 Less.

561 916 722 994 Syn.
768 920 977 991 Comp.
1010 935 1074 992 p.
1117 966 1196 976 ...
1231 918 1711 1007 swan-Bicer.
1754 919 2040 999 (Hiigel.>

680 1017 824 1079 217.
871 1014 1295 1096 Gnaphalium
1343 1019 1796 1087 luteo-album
1838 1018 2018 1080 Linn.
2066 1020 2251 1093 Spec.
2296 1018 2491 1079 1263.
2554 1069 2634 1080 -
2699 1020 2881 1082 Less.

550 1099 592 1161 l.
629 1115 683 1160 e.
711 1119 777 1175 p.
811 1152 894 1163 -
927 1103 1397 1165 swan-River.
1439 1100 1729 1182 (Hiigel.)

1436 1353 1984 1411 IXIOLAENA.

671 1540 1032 1624 Capitulum
1059 1544 1513 1621 homoyamum‚
1542 1544 1976 1619 multiflorum.
2014 1542 2401 1605 Involucrum
2436 1547 2875 1624 cylindricum,

542 1631 826 1704 squamis
871 1634 1238 1689 numerosis
1282 1633 1640 1689 linearibus
1672 1632 2011 1707 viridibus,
2040 1632 2327 1704 maryine
2356 1636 2665 1691 scariosis
2701 1650 2875 1693 eree-

543 1717 648 1788 tis,
703 1717 886 1788 apice
937 1716 1178 1774 lamina
1226 1732 1433 1791 parva
1480 1721 1847 1790 petaloidea
1900 1718 2328 1777 radiantibus.
2388 1715 2874 1798 Receptaculum

533 1803 906 1883 paleaceum
939 1800 1343 1861 alveolatum.
1385 1802 1772 1863 Achaenium
1817 1806 2083 1862 erostre.
2143 1801 2395 1883 Pappus
2425 1809 2719 1882 setosus,
2767 1819 2871 1862 se-
2940 1859 2972 1884 ,Ι

536 1887 620 1943 tis
651 1890 948 1946 serratis.
1372 1914 1378 1918 ·

531 2067 569 2133 d
663 1986 874 2045 Genus
906 1985 1233 2063 aMillotia
1268 1984 1587 2046 aeliaeniis
1627 1965 1997 2063 erostribus,
2030 1985 2104 2046 ab
2131 1983 2513 2062 Helichryso
2550 1985 2869 2048 involucro

574 2090 860 2132 lversum.
1205 2090 1209 2095 ·

652 2166 798 2230 218.
844 2165 1150 2229 Ixiolaena
1177 2171 1448 2229 viscosa.

509 2281 518 2289 ·
611 2269 850 2326 Swan-
877 2270 1087 2327 Rioer.
1131 2266 1422 2346 (Hilgel.>

673 2361 861 2412 Caulis
893 2361 1225 2424 herbaceus,
1267 2366 1512 2424 erectus,
1551 2361 1617 2427 13
1645 2361 1884 2428 pedalis,
1919 2359 2112 2424 durus,
2144 2375 2423 2424 ramosus,
2451 2360 2583 2411 lana
2614 2357 2742 2409 laxa
2774 2363 2862 2412 te-

527 2433 721 2484 nuiter
746 2433 1007 2494 vestitus,
1052 2434 1110 2484 et
1151 2433 1236 2482 uti
1281 2430 1422 2482 folia
1459 2435 1523 2482 et¹
1546 2431 1840 2483 involucra
1883 2431 2323 2483 viscosissimus.
2379 2429 2542 2482 Folia
2588 2429 2864 2483 inferiora

528 2502 1195 2571 oblongo-spathulata,-
1229 2502 1450 2563 obtusa,
1495 2503 1754 2569 margine
1787 2503 2082 2566 undulata,
2130 2503 2254 2552 basi
2302 2503 2360 2552 in
2407 2500 2690 2570 petiolum
2733 2501 2862 2553 lon—

533 2589 669 2643 gum
707 2578 1015 2639 attenuata,
1065 2573 1363 2640 superiora
1405 2572 1644 2623 linearia
1686 2573 2018 2641 spathulata
2064 2572 2411 2638 subsessilia‚
2462 2571 2653 2625 omnia
2697 2572 2864 2623 semi-

529 2644 963 2712 amplexicaulia
1019 2650 1075 2696 et
1119 2644 1624 2707 subdecurrentia,
1696 2643 1968 2709 utrinque
2022 2642 2358 2711 praesertim
2404 2645 2463 2695 in
2505 2642 2716 2711 pagina
2775 2644 2862 2694 in-

530 2716 745 2767 feriore
794 2721 1050 2766 tomento
1106 2715 1198 2766 vel
1243 2715 1371 2778 lana
1415 2715 1576 2764 tenui
1630 2712 2009 2770 canescentia,
2073 2714 2240 2765 Romi
2294 2716 2360 2765 ad
2416 2714 2636 2780 apicem
2681 2715 2861 2765 caulis

531 2787 869 2853 corymbosi.
914 2786 1179 2854 Capitula
1215 2786 1273 2837 in
1300 2784 1470 2836 ramis
1505 2786 1750 2856 singulis
1785 2783 1940 2840 3-4.
1994 2787 2290 2837 Involucra
2321 2784 2693 2853 cylindracea‚
2740 2786 2861 2835 fere

529 2856 564 2907 4
598 2859 697 2912 lin.
719 2860 911 2926 longa,
936 2857 1006 2925 δὲ
1039 2859 1170 2922 lata,
1207 2862 1371 2908 extus
1400 2856 1619 2922 viridia,
1647 2857 2296 2924 viscum-pubescentia,
2328 2863 2385 2907 et
2412 2856 2534 2907 basi
2570 2856 2691 2907 laxe
2725 2854 2861 2906 sub-

525 2929 736 2981 lanata.
774 2928 993 2979 Foliola
1023 2929 1302 2981 exteriora
1331 2942 1526 2992 pauca,
1559 2930 1795 2979 caeteris
1823 2944 2024 2996 parum
2052 2928 2338 2991 breviora,
2370 2926 2576 2978 latiora
2624 2932 2681 2977 et
2711 2941 2861 2977 mar—

525 2997 662 3067 gine
695 3015 811 3049 non
854 3000 1116 3050 scariosa.
1173 2998 1454 3048 Interiora
1498 2993 1823 3060 numerosa,
1870 3005 2077 3064 erecta,
2129 3000 2342 3061 stricta,
2382 2994 2856 3066 subaequilonga‚

522 3069 1068 3132 lineari-subulam,
1122 3085 1300 3121 nervo
1336 3068 1523 3118 medio
1557 3070 1724 3120 viridi
1757 3070 2405 3137 viscosa-pubescente,
2438 3067 2692 3137 margine
2738 3082 2858 3118 sca-

523 3140 698 3202 rioso,
732 3141 1103 3205 appendicula
1132 3137 1291 3207 apice
1319 3141 1550 3204 patente
1578 3140 1673 3191 vel
1705 3137 2023 3192 subreflexa
2068 3142 2207 3207 Q-1
2230 3169 2253 3178 -
2272 3140 2368 3189 lin.
2399 3137 2592 3208 longa,
2633 3137 2856 3189 lanceo-

522 3210 659 3271 lata,
704 3216 885 3273 acuta,
927 3208 1126 3272 nivea,
1166 3207 1504 3275 pannonica,
1550 3210 1769 3279 glabra.
1822 3209 2172 3278 Receptaculi
2223 3209 2480 3272 alveolae
2516 3208 2855 3260 brevissime

520 3280 903 3333 simin-illatae.
931 3279 1206 3331 Achaenia
1232 3278 1540 3349 glandulae
1570 3281 1976 3333 crassiusculae
2009 3282 2335 3345 insidentia,
2364 3276 2855 3344 (junior-affinem

521 3351 841 3411 subteretia>
861 3352 983 3402 basi
1027 3354 1345 3412 attenuata,
1391 3349 1701 3416 hispidum,
1745 3352 1879 3418 pilis
1918 3353 2193 3419 supremis
2247 3366 2445 3417 parum
2471 3349 2852 3418 'longioribus

519 3426 577 3473 et
611 3437 861 3488 pappum
909 3422 1244 3474 exteriorem
1276 3420 1694 3477 simulantibus.
1744 3422 1924 3490 Puppi
1946 3430 2101 3474 setae
2130 3435 2466 3473 numerosae
2496 3420 2852 3484 uniseriales,

517 3493 793 3544 corollam
829 3499 1152 3559 aequante&
1208 3492 1434 3542 Coi-olla
1466 3493 1757 3557 tubulosa‚
1787 3493 2052 3546 dentibus
2083 3494 2351 3545 brevibus
2382 3490 2603 3545 erectis.
2657 3486 2850 3556 Stylus

496 3563 761 3614 breviter
812 3570 1088 3629 exsertus,
1133 3561 1306 3615 ramis
1355 3561 1525 3630 apice·
1582 3564 1946 3629 penicillatis.
2011 3564 2292 3617 Antlzerae
2342 3562 2467 3615 basi
2509 3562 2847 3613 tenuissime

512 3635 796 3687 cordatae.

639 3723 786 3787 219.
833 3724 1091 3784 Senecio
1148 3721 1713 3800 myosoiidif'olius‚
1765 3722 2104 3783 herbaceus
2148 3708 2529 3781 multicaulis
2581 3726 2847 3799 erectus,

510 3807 657 3890 pilis
686 3806 890 3898 longis
925 3808 1242 3888 adpressis
1278 3809 1531 3868 sericeis
1562 3807 1701 3868 laxe
1733 3805 2186 3885 lanatu8‚foliis
2213 3806 2610 3866 inferioribus
2647 3808 2847 3888 petio-

562 4019 610 4073 *J
649 4022 773 4064 Haec
813 4023 996 4077 species
1042 4035 1140 4063 cum
1172 4019 1460 4072 Helichryso
1506 4018 1810 4060 anthemoide
1845 4019 1968 4063 Sieb.
1998 4023 2044 4062 et
2085 4018 2245 4060 forsan
2277 4018 2339 4059 H.
2366 4015 2549 4059 incano
2580 4020 2688 4062 Bot.
2716 4020 2842 4075 Mag.

622 4087 656 4122 t.
684 4079 814 4124 2881-
858 4083 913 4123 ad
959 4084 1207 4122 sectionem
1249 4084 1481 4135 propriam
1515 4083 1734 4134 pertinet,
1770 4081 2063 4133 receptaculo
2109 4079 2231 4118 nudo
2275 4077 2347 4117 vel
2391 4080 2553 4119 leviter
2594 4080 2840 4132 alveolum,

622 4151 773 4195 pappo
804 4141 1016 4195 plumoso
1043 4146 1089 4181 et
1114 4142 1369 4182 involueris
1401 4141 1694 4181 radiantibus
1725 4140 2003 4181 distinctam.
2050 4136 2201 4178 Sectio
2244 4136 2465 4176 Astelma
2504 4138 2639 4180 Less.
2681 4137 2838 4193 comp,

618 4213 664 4253 p.
679 4198 785 4242 315.
812 4204 854 4241 in
890 4212 984 4253 qua
1020 4202 1200 4253 speeies
1230 4199 1386 4253 plures
1429 4201 1668 4241 radiantes
1712 4200 1911 4239 admittit
1950 4201 2131 4246 auctor,
2171 4197 2330 4237 forsan
2377 4198 2461 4238 has
2492 4209 2675 4250 quoque
2720 4211 2840 4240 eoin·

619 4262 842 4314 plectens,
875 4260 955 4300 sed
985 4262 1169 4300 minime
1197 4264 1269 4299 est
1285 4256 1502 4297 Astelma
1523 4258 1597 4303 Br.
1616 4260 1661 4300 in
1678 4257 1781 4299 Bot.
1800 4258 1910 4312 Reg.
1939 4264 1971 4297 t.
1991 4254 2094 4297 532.
2124 4254 2438 4306 quiAstelma
2467 4258 2523 4297 ab
2548 4254 2836 4307 Helichryso

625 4321 865 4373 distinguit
907 4318 1146 4359 involucro
1196 4331 1283 4358 non
1329 4320 1552 4361 radiante.
1613 4317 1855 4362 Caeterum
1895 4314 2121 4354 Astelma
2165 4320 2208 4355 in
2252 4316 2595 4355 enumeratione
2644 4315 2837 4357 Candel-

619 4378 754 4419 lenna
807 4375 994 4427 (Lindi.
1035 4378 1148 4420 Nat.
1195 4375 1313 4428 Syst.
1359 4376 1434 4417 ed.
1473 4377 1520 4418 2.
1557 4389 1607 4428 p.
1649 4377 1775 4424 260.)
1819 4378 2061 4417 omittitur.
2126 4373 2396 4427 Subgeuera
2452 4381 2603 4415 autem
2649 4376 2834 4417 Lessin-

617 4440 753 4491 giana
782 4450 931 4493 pappo
977 4438 1188 4491 plumoso
1220 4438 1452 4488 distincta,
1499 4449 1526 4477 a
1571 4436 1821 4477 Candolleo
1866 4437 1920 4476 ad
1965 4432 2271 4485 Helipterum
2302 4445 2435 4474 suum
2468 4436 2731 4487 ducuntur,
2775 4447 2833 4476 an

613 4500 769 4550 itaque
797 4497 855 4538 H.
888 4495 1060 4536 Cotula
1094 4502 1301 4538 nostrum
1327 4498 1460 4537 etiam
1486 4495 1709 4548 Helipteri
1738 4496 1916 4547 species
1940 4494 1959 4535 2
