3254 5238
321 2325 341 2372 l

1319 353 1821 410 coMPOSITAE.
2608 360 2717 415 05

402 485 502 538 tus
550 472 998 552 albo-lanatis,
1044 473 1347 536 involucri
1396 476 1672 553 squamis
1723 470 2105 549 acutissimis
2157 476 2433 537 aristatis
2503 497 2720 537 aureo·-

404 563 594 622 l'useis
628 581 750 622 non
781 563 1046 640 rugosis,
1079 559 1329 622 corollis
1355 561 1514 621 radii
1543 557 1971 627 subtubulosis
2001 560 2307 642 profunde
2340 561 2719 641 quadrifidis.

485 686 682 742 Swan
695 711 731 726 -
747 684 864 739 Riv
873 697 962 741 er.
1009 678 1296 760 (Hiigel.)

540 800 694 850 Haec
722 798 941 865 species
973 797 1045 848 ob
1082 798 1325 848 corollas
1356 798 1498 849 radii
1532 797 1944 849 subtubulosas
1981 802 2040 851 et
2070 797 2469 852 schaeniorum
2510 797 2722 866 (junio-

402 888 530 923 rum
553 872 764 935 saltim)
789 869 1040 920 areolam
1058 870 1418 936 terminalem
1446 870 1758 920 sectionem
1779 868 2181 937 (Doratolepis)
2208 870 2571 937 Podolepidis
2604 874 2723 924 for-

403 949 537 1008 mat,
566 942 633 992 ad
662 957 829 1008 quam
862 940 1126 991 fortassis
1159 941 1411 1006 pertinet
1440 942 1607 991 etiam
1635 940 1928 1009 Podolepis
1955 942 2272 993 acuminata
2301 958 2366 993 ex
2383 941 2528 994 Port
2553 943 2724 994 Jaek-

404 1030 526 1067 son.
599 1009 843 1063 Habitus
871 1011 932 1064 P.
963 1012 1234 1062 aristatae
1272 1012 1469 1063 similis
1524 1016 1612 1062 est
1653 1011 1715 1066 Ρ.
1758 1011 1996 1079 gracili,
2048 1014 2145 1064 sed
2188 1015 2314 1065 lana
2352 1014 2475 1064 laxa
2518 1016 2724 1064 vestita

403 1091 516 1148 cst,
563 1085 899 1151 praesertim
948 1084 1016 1134 ad
1055 1084 1324 1152 paginam
1366 1083 1693 1134 inferiorem
1741 1083 2028 1134 foliorum.
2083 1084 2341 1150 Capitula
2393 1085 2463 1135 ad
2506 1082 2723 1151 apicem

403 1156 580 1207 caulis
631 1155 858 1220 saepius
901 1155 1088 1221 plura,
1132 1155 1484 1220 corymbosa.
1538 1154 1885 1204 involucrum
1931 1156 2401 1220 campanulatum.
2458 1155 2727 1221 squamae

402 1227 711 1278 exteriores
742 1226 920 1288 laxae,
954 1230 1185 1289 ovatae,
1219 1225 1464 1288 sessiles,
1504 1223 1730 1277 infimae
1765 1223 2072 1289 distantes,
2111 1227 2479 1278 intermediae
2507 1228 2723 1293 stipita—

400 1301 527 1360 tae,
572 1297 780 1347 lamina
827 1296 1371 1348 ovato-lanceolata
1414 1301 1666 1364 patente,
1716 1295 1983 1362 hyalina,
2038 1299 2095 1347 in
2137 1298 2287 1350 sicco
2334 1297 2620 1361 subfusca,
2668 1299 2724 1346 in

401 1368 532 1417 vivo
579 1370 671 1431 (ex
707 1366 924 1436 Hiigel)
966 1380 1152 1419 aurea.
1209 1367 1465 1419 Corollae
1498 1367 1713 1430 flavae,
1760 1369 2065 1418 exteriores
2109 1370 2230 1420 fere
2259 1369 2435 1436 duplo
2467 1367 2724 1430 majoreS,

401 1453 763 1501 numerosae,
809 1439 1125 1501 tubulosae,
1159 1440 1441 1505 profunde
1474 1439 1663 1501 fissae,
1697 1437 1915 1488 laciniis
1950 1435 1984 1486 4
2021 1439 2332 1490 linearibus
2362 1440 2724 1504 subaequali-

402 1509 514 1559 bus
551 1509 644 1559 vel
675 1509 851 1559 latere
882 1510 1144 1559 interiore
1176 1508 1522 1574 profundius
1551 1509 1718 1559 fissis.
1735 1507 2033 1559 *Achaem‘a
2062 1510 2183 1561 basi
2209 1526 2421 1578 parum
2470 1508 2725 1571 incurva,

406 1581 504 1630 sed
551 1580 637 1645 (in
656 1578 984 1642 ‚iunioribus
1034 1580 1258 1644 saltem)
1299 1583 1488 1632 areola
1526 1579 1841 1631 terminalis
1874 1581 2134 1643 videtur,
2181 1587 2241 1632 et
2284 1581 2522 1633 erostria
2569 1586 2722 1631 sunt.

403 1648 626 1718 Pappus
660 1655 903 1715 setosus,
939 1652 1000 1701 in
1029 1650 1289 1701 omnibus
1319 1649 1555 1702 floribus
1585 1651 1911 1713 conformis,
1959 1666 1989 1702 e
2029 1653 2167 1702 setis
2201 1653 2395 1718 paucis
2427 1652 2725 1718 pilit'ormi-
2753 1700 2757 1703 .

403 1721 513 1772 bus
544 1720 782 1791 integris
814 1727 1059 1773 constat.
1099 1721 1523 1788 Receptaculum
1548 1727 1615 1772 ut
1648 1723 1709 1773 in
1737 1721 2179 1788 Podolepidibus
2214 1719 2454 1774 caeteris
2489 1722 2721 1773 nudum.

531 1830 676 1892 213.
721 1827 1091 1891 Rhodanthe
1128 1833 1468 1905 Manylesii
1509 1832 1772 1911 Lindley
1811 1833 1954 1890 Boc.
1995 1834 2148 1905 1129.
2188 1834 2302 1893 20.
2336 1839 2381 1896 c.
2416 1835 2615 1892 1703.
2645 1881 2724 1889 „-

401 1915 872 1976 Swan-River.
911 1916 1199 1997 (Hiigel.)

467 2074 471 2080 .
539 2033 662 2083 Hoc
697 2048 881 2102 genus
914 2048 945 2083 a
979 2033 1286 2086 Candolleo
1328 2035 1388 2085 in
1419 2032 1603 2088 Lindl.
1626 2024 1767 2084 'Nam
1800 2033 1943 2098 Syst,
1978 2032 2061 2084 ed.
2094 2035 2146 2084 2.
2175 2034 2452 2084 omissum
2484 2039 2588 2097 est,
2618 2048 2722 2082 nec

402 2104 464 2156 in
501 2100 915 2170 Supplemento
965 2120 1245 2174 generum
1292 2107 1633 2157 omissorum
1676 2120 1705 2155 a
1752 2103 2017 2170 Lindleyo
2047 2105 2170 2171 ipso
2218 2105 2424 2165 addito,
2466 2104 2722 2154 contine-

405 2180 519 2226 tur.
562 2174 1005 2226 Characteribus
1036 2176 1128 2226 vix
1159 2178 1225 2228 ab
1255 2176 1571 2242 Helichryso
1603 2176 1813 2231 differt.
1851 2175 2092 2228 Habitus
2123 2174 2488 2242 Podolepidis.
2529 2173 2723 2244 Speci-

401 2260 535 2297 men
569 2244 956 2314 Hiigelianum
986 2246 1156 2296 nimis
1193 2262 1459 2298 mancum
1505 2253 1626 2311 est,
1671 2264 1839 2314 quam
1879 2252 1945 2298 ut
1988 2245 2112 2313 ejus
2158 2264 2264 2320 ope
2309 2246 2540 2317 generis
2591 2245 2722 2295 cha—

398 2322 681 2367 racterem
708 2317 1023 2368 examinare
1050 2317 1292 2369 licuerit.

528 2424 678 2491 214.
725 2423 1161 2505 Helichrysum
1211 2429 1686 2507 macrantlmm,
1745 2425 1918 2490 caule
1963 2429 2269 2489 herbaceo
2311 2423 2723 2489 adscendente

402 2509 499 2570 vel
541 2518 745 2572 erecto
781 2511 1166 2592 subsimplici
1208 2515 1425 2573 scabro
1466 2518 1642 2596 apice
1686 2512 2128 2596 monocephalo
2150 2508 2176 2590 ,'
2219 2512 2387 2574 foliis
2427 2510 2723 2588 oblongo-

404 2593 773 2659 lanceolatis
842 2596 938 2657 vel
1000 2599 1228 2659 infimis
1289 2601 1659 2679 spathulatis
1711 2601 1953 2662 obtusis
2001 2600 2414 2678 integerrimis
2475 2598 2608 2657 basi
2661 2597 2721 2653 in

403 2682 705 2763 petiolum
751 2685 1092 2759 angustatis
1143 2692 1206 2742 et
1261 2681 1701 2765 amplexicaule
1752 2685 2025 2745 dilatatis
2072 2686 2359 2762 utrinque
2419 2683 2722 2741 viridibus

404 2768 683 2843 scabris,
742 2765 1014 2847 capitulo
1064 2787 1277 2847 magno
1325 2774 1504 2831 niveo
1542 2778 1719 2830 extus
1754 2772 2087 2843 subroseo‚
2145 2770 2419 2847 squamis
2469 2767 2722 2826 interio-

403 2851 576 2913 ribus
637 2852 1021 2912 radiantibus
1075 2851 1199 2913 late
1247 2857 1443 2915 ovatis
1497 2855 1741 2916 obtusis
1788 2853 2271 2930 mucronulatiS,
2329 2848 2720 2933 receptaculo

404 2935 608 3013 nudo,
646 2956 852 3018 pappo
894 2939 1132 2998 scabro.

487 3057 690 3115 Swan
705 3095 733 3105 -
754 3059 966 3119 River.
1013 3053 1298 3135 (Hagen.)

546 3172 792 3225 Habitus
821 3174 941 3223 fere
978 3171 1048 3222 H.
1077 3172 1320 3223 dealbati
1359 3171 1560 3229 Labill.
1599 3176 1698 3227 sed
1737 3171 1939 3227 differt
1979 3175 2139 3226 caule
2181 3174 2447 3239 foliisque
2495 3174 2720 3223 nec-la-

406 3244 553 3297 natis
579 3261 683 3295 nec
722 3245 1090 3307 tomentosis,
1127 3245 1391 3310 capitulis
1413 3245 1755 3310 majoribus,
1793 3250 1850 3297 et
1884 3262 2242 3312 squamarum
2291 3246 2493 3295 forma.
2544 3245 2720 3309 Squa-

406 3332 525 3367 mae
557 3316 862 3367 exteriores
895 3314 1352 3367 suborbiculatae
1383 3321 1518 3367 sunt
1565 3323 1623 3368 et
1648 3319 1883 3380 breves,
1923 3318 2293 3367 intermediae
2328 3316 2444 3365 basi
2491 3316 2719 3380 adpres-

407 3402 520 3450 sae,
563 3386 724 3449 latae,
767 3386 1069 3448 scariosae,
1111 3385 1266 3451 apice
1296 3387 1602 3451 radiantes,
1632 3388 1751 3440 fere
1782 3390 1816 3439 6
1850 3388 1949 3439 lin.
1981 3389 2204 3456 longae,
2229 3390 2261 3437 3
2294 3384 2395 3439 lin.
2435 3387 2599 3447 latae,
2637 3385 2719 3433 in·

411 3458 655 3510 teriores
687 3457 997 3520 brevioreS,
1039 3457 1416 3530 angustiorcS,
1457 3460 1761 3510 acutiores.
2322 3482 2327 3485 ·

535 3567 678 3628 215.
724 3565 1165 3644 Helichrysum
1205 3564 1629 3646 (Helipterum
1658 3564 1728 3640 ξιξ>
1790 3570 2051 3644 cotula,
2116 3567 2416 3646 herbacea
2468 3564 2720 3626 humilis

410 3656 614 3712 erecta
642 3653 1103 3728 ramosissima‚
1157 3651 1410 3712 ramulis
1460 3651 1593 3713 laxe
1636 3658 1697 3713 et
1724 3653 1905 3732 longe
1947 3652 2171 3713 lanatis
2219 3654 2392 3732 apice
2437 3671 2722 3711 monoce-

407 3735 651 3817 phalis,
723 3735 891 3796 foliis
935 3735 1327 3796 filiformibus
1383 3735 1822 3815 glabriusculis
1852 3782 1871 3817 ,
1948 3736 2251 3799 involucri
2294 3740 2569 3816 squamis
2621 3756 2718 3795 ra-

410 3822 719 3882 diantibus
748 3822 1146 3882 interioribus
1181 3819 1341 3882 ovali
1360 3857 1386 3869 ·
1406 3819 1709 3903 oblongis.

493 3943 688 3999 swan
703 3980 728 3987 -
742 3944 956 4002 River.
1001 3942 1287 4022 (Hiigel.)

548 4057 735 4109 Herba
761 4059 851 4109 vix
888 4058 1276 4126 semipedaliS,
1322 4076 1352 4110 a
1398 4059 1521 4110 basi
1565 4060 1687 4110 fere
1731 4059 1798 4110 ad
1848 4061 2063 4129 apicem
2109 4062 2506 4113 ramosissima.
2562 4058 2724 4112 Ramz’

413 4134 633 4193 tenues,
672 4129 891 4180 inferne
926 4130 1190 4198 glabrati‚
1227 4131 1356 4182 lana
1392 4132 1496 4180 sub
1525 4132 1780 4198 capitulo
1812 4131 2002 4183 densa.
2062 4133 2319 4200 Capitula
2351 4133 2419 4182 iis
2447 4131 2721 4182 Anthemi-

412 4200 499 4250 dis
528 4200 760 4250 Cotulae
801 4199 1022 4250 similia.
1074 4200 1421 4251 Involucrum
1466 4204 1944 4269 campanulatum,
1986 4206 2232 4271 squamis
2277 4204 2399 4255 basi
2441 4203 2721 4268 appressis

409 4271 968 4322 subruscescentibus
1009 4273 1267 4324 scariosis
1303 4271 1654 4339 subglabris,
1701 4274 1859 4341 apice
1877 4276 2229 4340 „petaloideis
2262 4275 2610 4341 patentibus,
2638 4274 2720 4324 la-

968 4422 1100 4431 ——-—-—-

428 4487 440 4500 '
466 4489 512 4540 ⁸¹]
552 4492 646 4534 DC.
673 4492 845 4544 prodr.
879 4491 1054 4535 incdit.
