3254 5238
376 1022 727 1133 Plantae
767 1075 953 1150 quae
1003 1053 1078 1128 in
1117 1050 1355 1128 hocce
1402 1050 1657 1126 libello
1706 1059 2254 1140 enumerantur,
2323 1049 2397 1122 in
2434 1049 2704 1126 Novae

376 1175 824 1254 Hollandiae
882 1186 1138 1252 austro
1157 1227 1184 1238 -
1204 1174 1695 1252 occidentalis
1747 1176 2063 1252 coloniis
2113 1173 2210 1253 aad
2278 1175 2711 1274 nynorum

371 1306 686 1403 fluvium
725 1308 801 1375 et
849 1301 1117 1378 Sinum
1164 1304 1387 1403 quis
1432 1303 1734 1402 θεον-μὴ’
1750 1357 1769 1392 ,
1839 1300 2034 1376 locis
2103 1298 2196 1374 ob
2231 1299 2474 1372 miram
2514 1299 2711 1398 plan-

378 1418 625 1501 tarum
693 1424 1230 1499 rarissimarum
1318 1425 1729 1500 ubertatem
1805 1410 1999 1499 inter
2074 1424 2483 1500 Botanicos
2536 1427 2709 1523 jure

383 1540 1041 1642 celebratissimis,
1099 1548 1468 1625 collectae
1513 1549 1829 1626 fuerunt.

535 1673 1063 1773 Peregrinator
1141 1697 1564 1749 conscenso
1665 1673 1967 1772 primum
2048 1681 2168 1752 17.
2252 1671 2709 1748 Novembris

386 1806 581 1878 1833
660 1797 756 1872 ad
835 1799 1345 1889 Freemantle,
1444 1797 1568 1895 qui
1625 1797 1963 1873 coloniae
2026 1796 2226 1871 fluvii
2284 1793 2712 1896 Cygnorum

381 1932 642 2023 portus
712 1932 872 2015 est,
947 1922 1465 1998 Australasiae
1513 1921 1978 2012 continente,
2048 1930 2197 1995 tum
2247 1921 2321 1994 in
2358 1922 2526 2019 ipso
2572 1947 2711 1993 ma

383 2047 491 2121 ris
537 2048 785 2120 littore
836 2044 1223 2145 praecipiti
1287 2045 1481 2121 clivo
1535 2028 2039 2144 adsurgente,
2113 2056 2261 2118 tum
2312 2044 2386 2117 in
2445 2043 2713 2117 insulis

387 2170 589 2243 fluvii
640 2170 835 2244 ostio
893 2167 1206 2260 adsitis,
1289 2177 1439 2241 tum
1497 2167 1813 2265 denique
1858 2171 2094 2266 juxta
2137 2179 2516 2264 utrumque
2576 2167 2713 2241 rivi

386 2293 631 2385 littus,
701 2292 795 2366 ad
843 2295 1011 2392 ipsa
1057 2317 1398 2388 aquarum
1449 2292 1525 2366 in
1583 2293 1950 2386 montibus
2002 2293 2464 2392 Darlinyton
2522 2291 2717 2390 capi-

385 2431 510 2509 ta,
601 2415 1050 2517 colligendis
1114 2416 1465 2515 stirpibus
1532 2416 2086 2515 seminibusque
2140 2417 2511 2509 intentus,
2590 2424 2709 2495 19.

389 2541 836 2618 Decembris
878 2548 1074 2621 1833
1115 2563 1276 2615 cum
1316 2540 1526 2641 larga
1576 2539 1814 2615 messi
1855 2563 1896 2615 e
1938 2550 2151 2640 portu
2203 2540 2451 2616 solvit.
2630 2552 2638 2557 ’

531 2666 719 2741 Inde
772 2666 847 2739 in
928 2666 1221 2742 colonia
1276 2664 1508 2743 Sinus
1560 2666 1804 2765 Regis
1858 2665 2172 2765 Georgii
2228 2691 2272 2738 a
2328 2674 2397 2743 1.
2449 2674 2718 2746 Janua⁴

387 2790 480 2864 rii
537 2799 777 2883 1833,
825 2789 922 2864 ad
976 2799 1194 2869 12¹¹¹⁸¹¹¹
1239 2789 1576 2889 ejusdem
1636 2789 1917 2865 mensis
1961 2788 2155 2864 diem
2204 2799 2715 2885 commoratuS,

387 2913 720 2988 lustratis
782 2913 1211 3012 quibusdam
1258 2914 1527 2986 insulis
1592 2912 1994 2988 continenti
2026 2911 2319 3004 adsitis,
2384 2912 2552 3012 ipsa
2605 2940 2720 2987 ur-

388 3037 704 3112 beculae
741 3040 1044 3135 Albany
1070 3037 1364 3127 vicinia,
1413 3047 1488 3111 et
1525 3037 1921 3111 rivulorum
1957 3036 2198 3135 Regis
2247 3041 2719 3138 (Kinys-Ri-

390 3165 552 3254 ver)
610 3169 685 3233 et
739 3160 1040 3258 Kalgan
1090 3165 1422 3254 (Rivicre
1461 3164 1582 3244 des
1615 3163 2033 3258 Franpais)
2073 3161 2442 3236 littoribus
2468 3219 2487 3248 ,
2545 3161 2720 3236 duo-

395 3280 641 3357 decim
703 3282 1106 3357 milliarium
1175 3310 1220 3358 a
1285 3286 1464 3359 mari
1521 3285 1788 3362 itinere
1852 3286 2488 3361 herbarisationes
2537 3312 2717 3361 suas

391 3403 754 3479 extendit.
2140 3485 2145 3491 ,

540 3528 734 3604 Post
789 3529 1201 3628 longiorem
1256 3531 1328 3605 in
1381 3533 1697 3609 coloniis
1745 3534 2527 3610 Novae-Hollandiae
2584 3533 2721 3606 ori-

394 3655 664 3731 entalis
732 3664 808 3729 et
883 3655 1378 3731 Tasmanniae
1438 3681 1707 3732 moram
1737 3715 1756 3750 ,
1855 3656 2271 3757 exploratis
2350 3658 2718 3731 nonnullis

390 3778 662 3853 Novae
727 3778 1194 3854 Zeelandiae
1224 3837 1243 3872 ,
1319 3780 1897 3879 Philippinarum
1958 3792 2033 3856 et
2093 3778 2377 3857 Chinae
2443 3791 2721 3855 austra-

388 3901 485 3975 lis
534 3903 932 4002 portubus,
1030 3903 1454 3978 exantlanto
1526 3904 1825 3980 tandem
1898 3904 2231 3979 diuturno
2289 3930 2423 4003 per
2477 3905 2716 3980 Asiae

391 4025 892 4108 continentem
943 4024 1250 4119 itinere,
1343 4028 1510 4101 navi
1555 4033 1778 4128 juxta
1852 4028 2177 4104 australe
2234 4029 2543 4106 Africae
2600 4052 2721 4103 ca-

393 4158 519 4247 put
583 4149 658 4223 in
721 4146 1096 4249 Europam
1145 4161 1663 4244 transvectus,
1757 4153 1955 4228 circa
2007 4153 2229 4252 hujus
2280 4153 2448 4226 anni
2509 4175 2724 4227 exor-

393 4270 590 4344 dium
651 4272 1166 4348 Vindobonam
1219 4275 1463 4350 redux
1493 4332 1512 4368 ,
1593 4301 1921 4352 messem
1969 4276 2378 4352 herbariam
2430 4276 2724 4350 Botani-

393 4394 506 4470 cis
549 4395 620 4468 in
669 4421 758 4472 ea
798 4398 975 4473 urbe
1021 4401 1633 4477 commorantibus
1695 4399 2034 4496 tradidit,
2109 4401 2233 4500 qui
2287 4400 2516 4476 alacri
2577 4401 2725 4474 ani-
