3254 5238
527 329 635 419 ee
1459 357 1965 413 composrrm.

551 455 557 461 ’
642 458 854 540 Genus
908 477 1190 560 pluribus
1247 480 1414 541 notis
1463 499 1602 540 eum
1650 477 2008 541 charactere
2056 479 2466 561 Lessingiano
2506 483 2862 545 Heracliae

514 570 839 644 convenit,
875 566 986 627 sed
1019 566 1093 624 ab
1131 561 1498 638 Anqianclio
1530 564 1771 627 Wendl.
1815 573 1984 625 certe
2021 565 2375 644 diversum,
2429 567 2634 631 differt
2668 571 2862 635 etiam

516 657 592 714 ab
633 655 941 713 Heraclia
980 648 1285 711 involucri
1324 653 1603 733 squamis
1645 671 1767 711 non
1803 651 2421 732 appendiculatiS‚'et
2451 673 2680 736 pappo.

645 753 789 817 203.
839 748 1372 830 Phylloealymma
1411 753 1967 825 micropodioides.

606 855 1080 913 Swan-River.
1123 850 1416 929 (Hiigel.)

650 949 836 1000 Herba
863 947 1096 1017 pusilla,
1129 946 1534 1009 ramosissima‚
1562 947 1656 998 vix
1680 943 2049 1014 bipollicaris‚
2085 952 2344 999 tomento
2362 950 2492 1000 albo
2515 949 2857 1015 praesertim

512 1023 771 1088 in'parte
806 1020 1098 1087 superiore
1123 1019 1348 1069 vestita.
1402 1019 1565 1068 Folia
1616 1019 1869 1082 linearia,
1911 1019 2032 1071 basi
2067 1020 2519 1086 amplexicaulia,
2566 1017 2859 1071 interdum

511 1085 967 1158 s'ubspatliulata,
1002 1091 1388 1157 integerrima.
1425 1089 2010 1141 Glomemlilaterales
2031 1094 2089 1141 et
2118 1091 2451 1143 terminales
2474 1092 2689 1158 plures,
2722 1092 2857 1141 sub-

510 1160 757 1231 globosi,
791 1163 1100 1228 2-2251511.
1139 1161 1453 1219 diametro„
1490 1161 1841 1214 Incolae-rum
1873 1160 2145 1229 generale
2185 1177 2214 1211 e
2260 1163 2413 1213 soliis
2459 1161 2597 1215 [ιν-5
2634 1162 2858 1230 glome-

508 1237 636 1285 rulo
675 1240 828 1286 arcte
865 1233 1173 1300 appi-esais,
1212 1238 1271 1284 et
1306 1248 1373 1285 eo
1426 1234 1600 1300 duplo
1633 1232 2027 1300 longioribus,
2079 1239 2370 1284 caeterum
2418 1233 2572 1284 foliis
2613 1231 2853 1284 caulinis

511 1305 1015 1356 subconformibus
1053 1314 1340 1356 constans.
1386 1303 1647 1370 Capitnla
1670 1302 1729 1354 in
1765 1304 2089 1372 glomerulo
2117 1319 2442 1359 numerosa.
2500 1304 2854 1355 Involacrum

509 1378 847 1445 oblongum,
879 1379 1149 1426 constans
1187 1392 1215 1426 e
1263 1374 1514 1441 squamis
1560 1373 1699 1428 4-5
1748 1374 2073 1437 imbricatis,
2108 1376 2391 1437 scariosis‚
2428 1375 2587 1442 apice
2624 1373 2850 1425 flavidis

509 1453 568 1498 et
602 1448 847 1497 corollas
885 1446 1391 1511 subaequantibus.
1451 1446 1646 1497 Flores
1679 1444 1740 1496 in
1774 1445 2024 1511 capitulo
2059 1451 2395 1497 constanter
2443 1448 2570 1509 duo,
2625 1445 2852 1495 herma-

508 1516 779 1583 plut-aditi,
815 1517 1160 1577 consimiles.
1202 1517 1419 1568 corolla
1437 1518 1648 1578 brevis,
1683 1516 1969 1575 tubulosa‚
2003 1517 2313 1569 5·(lentata.
2353 1516 2609 1567 Stamina
2641 1519 2698 1568 et
2728 1519 2850 1581 sty-

506 1589 597 1639 lus
632 1589 904 1639 inclusus.
961 1588 1219 1639 Ouarium
1250 1589 1748 1652 clavato-lineare,
1788 1586 2090 1638 hirsutum.
2130 1587 2401 1655 squamae
2427 1588 2600 1655 pappi
2633 1586 2849 1652 absque

510 1664 634 1711 seta
685 1660 970 1710 terminali
1015 1666 1215 1710 ovatae
1252 1662 1416 1721 sunt,
1474 1660 1634 1725 apice
1684 1657 1939 1709 breviter
1992 1663 2050 1708 ct
2093 1664 2256 1711 acute
2307 1658 2541 1724 bifidae,
2598 1662 2723 1710 seta
2761 1657 2847 1708 in-

511 1736 600 1782 tra
628 1730 1120 1803 emarginaturam
1147 1733 1274 1783 orta
1314 1729 1547 1781 corollis
1580 1730 1926 1797 aequilonga
1957 1734 2062 1779 est.

1249 1921 2105 1977 CYLINDROSORUS.

634 2068 919 2151 capitula
959 2068 1204 2145 biam-a,
1248 2069 1319 2126 in
1359 2071 1778 2142 ylomemlum
1818 2072 2081 2142 oblonqo
2111 2107 2139 2117 -
2175 2072 2595 2146 cylindricum
2643 2072 2844 2126 dense

503 2162 863 2230 ayqreqata,
915 2156 1241 2214 involucro
1286 2158 1578 2229 yeneralc‘
1609 2172 1810 2230 parvo
1857 2155 2230 2230 oliyoplzyllo
2265 2158 2598 2218 subteneo.
2661 2155 2854 2215 lnvo-.

502 2240 661 2302 lucri
709 2243 1348 2319 partialis-squamae
1387 2243 1699 2313 oblonyo-
1723 2247 2063 2315 cuneatae,
2117 2248 2466 2316 sicariorum,
2517 2254 2845 2313 etz-appen-

502 2328 842 2384 diculacae.
879 2324 1356 2405 Receptaeulum
1386 2329 1647 2385 nudum.
1688 2326 1978 2387 Ovarium
2007 2328 2254 2384 lineare
2287 2328 2597 2402 ylabrum.
2647 2325 2839 2405 Pappi

494 2413 720 2484 paleae
766 2427 1035 2484 paucae,
1107 2413 1245 2469 basi
1296 2417 1545 2485 ovatae,
1598 2415 1778 2484 apice
1824 2418 1964 2468 seca
2013 2414 2317 2471 corollam
2372 2414 2839 2489 subaequante,

500 2512 704 2569 supra
732 2499 1012 2553 medium
1060 2498 1342 2555 breviter
1368 2498 1663 2570 plumosa
1700 2499 2103 2556 terminatae.

627 2592 770 2656 204.
821 2592 1306 2672 Cylindrosorus
1335 2595 1713 2670 flavescens·

586 2695 1066 2756 swan-Bicer.
1113 2695 1402 2772 (Hiigel.)
1466 2683 1477 2707 ⁴

634 2790 825 2844 Cauiis
854 2795 1101 2856 erectus,
1146 2788 1373 2843 circiter
1399 2790 1639 2858 pedalis,
1665 2791 1838 2842 ramis
1884 2790 2123 2855 virgatis
2169 2789 2512 2853 numerosis,
2547 2790 2679 2842 lana
2708 2791 2835 2843 laxa

492 2859 679 2914 albida
709 2862 1066 2913 tomentosis.
1118 2861 1281 2912 Folia
1309 2864 1529 2914 alterna
1549 2902 1563 2926 ‚
1595 2862 1829 2913 linearia
1859 2899 1875 2925 ,
1934 2860 2527 2930 semiamplexicaulia,
2558 2862 2834 2915 inferiora

499 2934 567 2999 13
616 2934 942 3000 pollicaria,
992 2933 1285 2998 superiora
1326 2931 1565 2987 minora.
1624 2932 1929 2983 Glomeruli
1971 2932 2649 3002 oblongo-cylindracei,
2695 2935 2832 2998 §.A

496 3003 633 3069 poll.
677 3005 855 3074 longi,
897 3007 930 3055 3
977 3004 1077 3054 lin.
1121 3004 1417 3067 diametro,
1468 3004 1678 3054 obtusi.
1746 3003 2027 3055 Involacri
2065 3003 2342 3072 generalis
2391 3004 2529 3055 folia
2594 3004 2833 3056 linearia

496 3075 587 3125 vel
634 3076 971 3134 lanceolata,
1015 3074 1425 3137 obtusiuscula,
1471 3076 1607 3128 2-ss
1640 3076 1902 3139 capitulis
1936 3076 2416 3144 subaequilouga‚
2453 3092 2595 3125 ¹cum
2631 3077 2832 3141 paucis

495 3144 860 3196 inferioribus
910 3144 1269 3196 brevioribus
1326 3146 1608 3197 scariosis.
1685 3146 1948 3211 Capitala
1996 3162 2300 3197 numerosa
2372 3145 2623 3213 oblonga
2675 3162 2827 3197 com-

493 3232 709 3282 pressa.
766 3215 1046 3266 Involucri
1071 3214 1331 3281 partialis
1362 3232 1631 3282 squamae
1669 3218 2273 3286 oblongo-cuneatae,
2327 3216 2620 3280 hyalinae,
2670 3218 2831 3282 apice

495 3287 752 3349 citrinae‚
786 3287 1025 3337 corollas
1052 3286 1491 3351 subaequantes.
1535 3288 1786 3337 Corollae
1816 3289 2118 3339 tubulosae
2152 3286 2655 3351 hermaphroditae
2693 3304 2832 3339 con—

495 3358 725 3408 similes.
782 3356 1055 3407 Achaenia
1083 3355 1320 3418 juniora
1358 3359 1754 3411 subturbinata
1802 3357 2089 3421 videntur,
2135 3365 2192 3408 et
2235 3358 2391 3424 apice
2427 3360 2657 3422 praeter
2691 3374 2834 3424 pap-

490 3445 629 3497 pum
668 3428 932 3480 dentibus
962 3428 1335 3491 brevissimis,
1372 3429 1432 3479 in
1459 3430 1651 3481 ovario
1684 3427 2090 3496 inconspicuis,
2122 3433 2412 3480 coronata.
2453 3426 2635 3495 Pappa·
2661 3444 2833 3494 squa-

492 3516 617 3550 mae
680 3500 748 3550 ab
801 3499 865 3550 iis
913 3498 1438 3565 Phyliocalymmae
1484 3501 1764 3552 differunt
1809 3500 1945 3551 setis
1984 3501 2141 3566 apice
2189 3499 2507 3564 plumosis,
2557 3503 2617 3550 et
2662 3505 2829 3565 parte

492 3576 657 3621 ovata
696 3571 929 3622 basilari
973 3570 1132 3635 apice
1174 3569 1724 3623 lacero-fimbriata.
1782 3569 2024 3621 Habitus
2067 3570 2233 3621 valde
2279 3569 2477 3620 differt
2509 3574 2567 3620 et
2606 3568 2831 3620 Caloca-

485 3640 655 3708 phalo
707 3639 917 3700 affinis,
965 3641 1063 3691 sed
1101 3638 1161 3690 in
1193 3639 1303 3690 hoc
1328 3640 1462 3705 (fide
1493 3641 1874 3707 speciminum
1907 3640 2355 3693 Bauerianorum
2393 3641 2623 3705 plantae
2656 3656 2828 3705 quam

489 3730 595 3779 pro
623 3711 983 3778 Calocephalo
1031 3710 1228 3761 citrino
1264 3709 1402 3761 Lesa
1454 3713 1671 3773 habeo)
1701 3712 2050 3763 involucrum
2087 3713 2359 3780 generale
2406 3712 2664 3773 nullum,
2700 3728 2832 3779 par-

489 3784 642 3834 tialis
686 3798 959 3848 squamae
990 3783 1143 3848 apice
1171 3783 1546 3849 appendiculo
1577 3798 1753 3847 parvo
1800 3784 2169 3834 subradiante
2207 3787 2425 3842 auctae,
2458 3784 2627 3849 pappi
2677 3788 2833 3834 setae

489 3855 611 3906 basi
642 3869 843 3919 parum
871 3853 1163 3916 dilatatae,
1197 3852 1354 3918 apice
1382 3855 1554 3923 longe
1587 3853 2154 3918 lacero-plumosae,
2188 3859 2244 3904 et
2285 3851 2422 3903 folia
2460 3854 2724 3921 opposita
2747 3851 2833 3920 ⁸).

616 3942 761 4005 205.
811 3940 1154 4023 Craspedia
1185 3943 1398 4015 pilosa
1431 3937 1733 4021 Sprengel
1771 3942 1944 4017 Syst.
1981 3944 2039 4000 3.
2070 3957 2134 4015 p.
2165 3942 2328 4001 441.

580 4045 753 4117 Kinq
796 4043 1081 4116 G'eorqes
1113 4043 1356 4100 Souna.
1405 4039 1699 4119 (Hiigel.>

636 4146 896 4215 Capitula
928 4146 985 4196 in
1014 4143 1333 4211 glomerulo
1382 4143 1676 4209 stipitata,
1714 4142 1919 4208 foliola
1958 4143 2130 4194 unico
2170 4141 2450 4193 herbaceo
2501 4141 2569 4193 acl
2619 4141 2836 4208 apicem

524 4218 724 4285 tipitis,
760 4222 818 4269 et
850 4216 1096 4283 squamis
1129 4214 1390 4283 plurimis
1426 4214 1694 4266 scariosis
1726 4212 2107 4267 invulnerata.
2145 4213 2339 4265 Flores
2374 4228 2575 4264 omnes
2611 4212 2836 4264 herma-

549 4397 597 4447 *)
641 4395 1001 4450 estinan-osori
1023 4393 1350 4448 flavescentia
1384 4398 1588 4439 varietas
1621 4400 1693 4440 vel
1720 4398 1880 4439 forsan
1912 4398 2093 4450 species
2135 4399 2324 4452 propria
2363 4398 2408 4437 iu
2448 4397 2662 4439 herbario
2690 4393 2838 4438 Baue-

612 4461 745 4499 riano
792 4459 1035 4499 occurritz
1080 4458 1257 4498 foliolis
1304 4459 1593 4499 tenuioribus
1635 4458 1874 4511 plerisque
1912 4457 2438 4499 subulam-linearibus
2489 4462 2535 4499 et
2571 4457 2838 4512 glomerulis

617 4519 933 4557 brevioribus.
