3254 5238
534 361 639 415 28
1410 361 1975 417 LEGUMINOSAE.

654 477 760 543 69.
814 478 1187 557 Oxylobium
1232 459 1650 559 capitatums
1676 482 1843 544 foliis
1886 479 2286 544 inferioribus
2335 479 2612 541 obovatis
2658 497 2844 557 supe-

531 564 802 624 rioribus
847 563 1131 642 oblongis
1172 563 1587 629 linearibusve
1629 589 1917 629 mucrone
1968 587 2263 642 recurvo,
2322 566 2584 627 racemis
2636 563 2845 624 densis

533 651 822 728 capitatis
855 652 1215 731 paucifloris
1246 651 1396 713 folio
1429 646 1842 717 brevioribus.

609 750 854 806 διατι·
873 750 1070 806 River
1100 755 1165 839 ec
1195 751 1371 825 Kinq
1412 752 1698 826 Georges
1723 755 1966 814 Sound.
2008 751 2295 832 (Hiigel.)

671 844 955 913 Suffrutex
980 845 1103 895 basi
1136 847 1538 913 procumbens.
1591 847 1759 901 Rama·
1790 855 2003 901 teretes
2049 848 2236 919 glabri
2282 847 2375 898 vel
2420 845 2580 912 apice
2627 841 2848 895 sericei.

533 914 697 965 Folia
727 914 947 967 alterna
972 917 1064 968 vel
1100 921 1384 984 opposita,
1422 920 1698 973 inferiora
1728 921 1821 972 vix
1853 918 2312 988 semipollicaria,
2339 917 2454 968 late
2482 916 2727 967 obovata
2755 914 2851 965 vel

533 987 875 1051 obcordata,
945 987 1244 1054 superiora
1292 994 1428 1044 1..2
1473 993 1716 1058 pollices
1761 993 1969 1060 longa,
2034 991 2228 1042 omnia
2281 989 2442 1055 apice
2493 987 2701 1038 obtusa
2757 985 2849 1035 vel

532 1057 889 1125 emarginata
923 1062 983 1109 et
1014 1074 1287 1112 mucrone
1334 1077 1576 1113 recurvo
1624 1067 1825 1124 aucta,
1865 1078 2037 1131 supra
2079 1060 2385 1114 reticulata
2433 1058 2668 1127 glabra,
2717 1055 2854 1105 sub·

532 1134 665 1190 tus,
700 1127 1041 1193 praesertim
1062 1127 1325 1197 juniora,
1361 1131 1496 1198 pilis
1545 1133 1835 1199 adpressis
1876 1134 2124 1196 sericea,
2180 1147 2360 1183 nervo
2404 1128 2595 1180 medio
2644 1125 2854 1190 valido,

530 1198 655 1248 basi
698 1199 757 1248 in
799 1199 1081 1265 petiolum
1114 1200 1519 1254 brevissimum
1542 1209 1873 1274 angustata.
1922 1203 2176 1272 stipulae
2204 1208 2465 1253 setaceae
2493 1199 2715 1268 nigrae,
2752 1212 2853 1263 pe-

530 1268 677 1320 tiolo
709 1268 1023 1339 longiores.
1062 1269 1287 1323 Racemz’
1306 1275 1481 1328 6-10
1505 1273 1633 1325 flori
1666 1274 1931 1326 axillares
1960 1283 2019 1329 et
2048 1273 2400 1327 terminales.
2436 1268 2697 1322 Pediceui
2720 1270 2852 1319 bre-

533 1339 752 1389 vissimi
791 1341 1121 1396 ebracteati.
1165 1343 1380 1412 Calyces
1412 1346 1802 1412 campanulati
1856 1347 2034 1398 dense
2078 1345 2300 1407 sericei,
2337 1342 2483 1394 tubo
2534 1341 2702 1393 labiis
2747 1356 2851 1407 pa-

529 1425 659 1459 rum
683 1410 965 1464 breviore.
994 1412 1188 1465 Petala
1218 1421 1274 1467 et
1290 1416 1529 1467 stamina
1552 1432 1738 1483 prope
1767 1417 1954 1468 basim
1982 1417 2196 1484 calycis
2227 1415 2465 1467 inserta.
2508 1412 2715 1462 Carina
2747 1410 2855 1462 alis

536 1480 626 1531 vix
660 1481 906 1533 brevior.
956 1483 1146 1551 Stylus
1173 1486 1380 1555 glaber
1410 1486 1721 1538 uncinatus
1758 1495 1981 1553 acutus,
2024 1488 2283 1553 stigmate
2327 1483 2673 1549 subobliquo
2702 1482 2856 1550 capi-

535 1556 675 1603 tato.
717 1550 992 1620 Legumen
1019 1557 1332 1609 subsessile
1366 1558 1678 1628 lignosum,
1710 1559 2032 1622 ovoideum,
2065 1558 2338 1623 utrinque
2375 1560 2622 1620 acutum,
2659 1555 2858 1622 calyce

535 1623 629 1674 vix
661 1623 836 1689 duplo
874 1625 1136 1698 longius,
1175 1634 1336 1680 extus
1373 1628 1549 1680 dense
1580 1629 1885 1693 villosum,
1924 1631 2080 1681 intus
2112 1626 2376 1679 nudum?

660 1721 763 1783 70.
809 1721 1194 1784 Chorozema
1245 1726 1643 1797 trianyulare
1689 1724 1895 1787 Lindl.
1943 1726 2086 1783 Bot.
2135 1726 2284 1797 Rey.
2318 1725 2437 1795 18.
2471 1727 2517 1780 t.
2558 1722 2746 1781 1613.
2779 1770 2860 1781 .-

536 1819 710 1892 Kinq
738 1820 1019 1891 Geor-,aes
1048 1825 1289 1881 Souna.
1340 1823 1629 1902 (Hiigel.)

664 1930 766 1991 71.
813 1928 1195 1990 Cliorozema
1231 1931 1597 1987 rhombeum
1631 1929 1703 1988 R.
1726 1930 1948 1989 Brown
1981 1930 2162 1988 Hort.
2185 1929 2363 1989 Kew.
2396 1930 2613 2002 3.p.9.
2635 1977 2715 1988 .-.
2737 1926 2863 1989 Dc,

533 2017 751 2087 prodr.
786 2016 848 2074 2.
874 2031 939 2088 p.
966 2017 1119 2077 102.
1159 2067 1239 2076 .-
1274 2015 1449 2089 Kiny
1485 2017 1768 2088 Georges
1803 2018 2047 2075 Sound.
2094 2012 2381 2092 <HiigeL>

677 2107 982 2175 Specimen
1012 2111 1247 2162 omnino
1277 2128 1405 2163 cum
1438 2111 1705 2180 diagnosi
1741 2113 1800 2161 in
1841 2111 2114 2178 operibus
2165 2110 2355 2161 citatis
2405 2113 2463 2161 et
2513 2125 2644 2161 cum
2687 2108 2866 2175 speci-

538 2179 785 2230 minibus
832 2180 890 2230 in
934 2180 1104 2232 horto
1149 2181 1412 2234 Kewensi
1461 2185 1622 2234 lectis
1675 2184 1976 2246 convenit,
2042 2182 2143 2234 sed
2185 2182 2358 2232 etiam
2390 2180 2480 2231 vix
2530 2196 2560 2231 a
2599 2180 2653 2230 C.
2694 2187 2864 2230 ovato

538 2249 723 2302 Lindl.
757 2248 877 2300 Boe.
910 2249 1051 2317 Reg.
1087 2254 1168 2305 18.
1203 2256 1423 2305 tr1528.
1460 2254 1696 2305 differre
1737 2252 2004 2315 videtur,
2054 2252 2168 2303 nisi
2201 2252 2353 2318 quod
2393 2252 2537 2303 rami
2586 2252 2718 2317 plus
2759 2250 2864 2300 mi-

540 2337 723 2373 nusve
786 2323 1099 2387 compressi
1147 2322 1293 2387 sint,
1363 2325 1459 2391 qui
1506 2326 1566 2377 in
1612 2324 1672 2377 G.
1727 2329 1889 2374 ovato
1944 2321 2244 2374 filiformes
2293 2339 2327 2374 a
2374 2322 2445 2377 cl.
2487 2328 2723 2374 auctore
2780 2321 2859 2372 di·

541 2397 770 2442 cuntur.

668 2488 770 2547 72.
834 2487 1219 2549 Chorozema
1270 2489 1800 2564 anqustifolium‚
1874 2486 2043 2550 foliis
2084 2485 2430 2549 lanceolato
2461 2526 2488 2536 -
2521 2487 2864 2551 linearibus

540 2572 955 2651 integerrimis
1011 2576 1276 2652 margine
1322 2575 1657 2645 revolutIS‚
1713 2575 1978 2637 racemis
2016 2571 2373 2635 axillaribus
2406 2574 2866 2637 terminalibus-

542 2657 1066 2804 gpgvfflggiggris,
1113 2658 1430 2738 calycibus
1475 2662 1610 2722 basi
1640 2658 1821 2741 longe
1866 2660 2201 2722 attenuatis
2258 2658 2548 2722 dentibus
2583 2662 2732 2722 tubo
2768 2663 2868 2722 vix

680 2838 985 2907 Dillwynia
1030 2840 1435 2908 glycinaefolia
1485 2839 1674 2894 Smith
1709 2839 1903 2894 Trans.
1938 2840 2065 2891 Soc.
2113 2839 2273 2890 laima.
2300 2837 2475 2890 Lond.
2512 2840 2563 2892 9.
2590 2837 2782 2908 Ρ.264·.
2804 2885 2869 2895 -

548 2907 734 2960 Lindl.
767 2909 887 2961 But.
921 2910 1059 2981 Reg.
1089 2915 1173 2966 18.
1208 2918 1231 2963 t
1270 2910 1423 2964 1514.

630 2998 804 3073 Kinq
833 3000 1114 3074 Geor-,cles
1141 3002 1386 3060 Sound.
1428 2998 1714 3079 (Hiigel.)

688 3092 1064 3148 characteres
1122 3095 1357 3147 omnino
1413 3095 1836 3159 Chorozematis‚
1893 3100 1951 3147 et
2003 3093 2206 3146 habitu
2265 3093 2323 3144 C.
2379 3093 2629 3145 rhombeo
2678 3091 2873 3157 affine,

546 3163 753 3231 stigma
811 3171 1006 3218 tamen
1042 3168 1222 3236 magis
1255 3167 1586 3233 capitatum.
1646 3167 1907 3217 Ovarium
1956 3165 2158 3217 sessile
2205 3166 2677 3220 multiovulatum
2706 3164 2874 3215 villo-

552 3251 708 3298 sum,
760 3253 908 3298 nec,
965 3242 1029 3288 ut
1084 3238 1143 3289 in
1174 3236 1499 3303 Dillwynia,
1550 3239 1929 3290 biovulatum.
1990 3236 2218 3288 Nomen
2259 3234 2594 3303 specificam
2637 3234 2872 3297 mutavi,

549 3306 679 3370 qnia
712 3307 849 3357 folia
890 3308 1124 3360 minime
1162 3308 1468 3375 Glycinem
1504 3309 1797 3361 simulant.

1368 3480 2070 3533 ISOTROPIS.

682 3620 874 3699 Calyx
930 3623 1311 3699 hartmatus,
1382 3624 1850 3698 bibra-leatus,
1923 3623 2091 3680 labio
2139 3621 2474 3692 superiore
2526 3622 2875 3689 bidentum,

550 3706 872 3777 inferiore
926 3708 1259 3779 3-parcz'c0.
1343 3706 1629 3768 corollae
1678 3712 1906 3768 carina
1960 3711 2101 3766 alas
2157 3705 2586 3781 subaequans.
2660 3703 2878 3783 Stylus

556 3792 888 3863 elonqatus
947 3795 1349 3851 adscendens
1408 3791 1761 3866 fillformis.
1832 3795 2070 3873 Stigma
2131 3794 2502 3866 capitatum.
2579 3792 2875 3853 Ovarium

556 3879 904 3934 subsessile
943 3880 1434 3956 polyspermum.
1465 3930 1545 3938 -..
1575 3881 1832 3938 Herbae
1862 3879 2149 3941 humiles.
2216 3879 2403 3935 Folia
2435 3876 2704 3951 alterna,
2765 3875 2878 3934 sti-

558 3963 771 4043 pulata
820 3961 915 4021 vel
960 3963 1362 4043 exstipulata,
1442 3965 1768 4045 simplicia.
1852 3964 2194 4026 Pedunculi
2261 3961 2549 4024 axillares
2609 3960 2881 4037 elongati

561 4047 831 4123 uniflori‚
881 4050 1056 4128 apice
1103 4050 1553 4110 bibracteolati.
1606 4099 1688 4109 -
1749 4049 1961 4111 Genus
2010 4052 2190 4112 affine
2241 4048 2729 4124 Chorozemaci,
2771 4042 2881 4105 sed

560 4133 798 4204 habitu,
829 4133 1037 4193 carina
1074 4143 1134 4196 et
1164 4134 1327 4213 stylo
1358 4133 1688 4195 diversum.

681 4230 782 4292 73.
834 4230 1134 4312 lsotropis
1177 4236 1450 4310 striata,
1511 4234 2159 4314 piloso-pubescenS,
2219 4235 2669 4314 procumbens,
2715 4227 2882 4289 foliis

559 4313 958 4376 inferioribus
1004 4319 1276 4378 obovatis
1299 4361 1317 4394 ‚
1378 4318 1803 4399 superioribus
1839 4317 2410 4400 oblongo-cuneatis
2447 4317 2884 4388 linearibusve‚

564 4402 847 4462 omnibus
882 4401 1194 4481 stipulatis
1230 4405 1405 4484 apice
1440 4404 1872 4481 integerrimis.

646 4500 847 4557 Saeran
871 4540 891 4546 -
913 4503 1123 4562 River.
1168 4503 1454 4581 (Hiigel.)
