3254 5238
1262 301 1830 381 Lnoummosm.
2610 307 2715 364 n

398 425 564 487 lares
610 425 910 506 purpurei
955 429 1061 485 aut
1105 420 1403 502 violacei,
1453 423 1783 498 pedicellis
1820 421 2118 485 solitariis
2148 423 2523 505 geminisve,
2579 426 2718 487 uni-

400 513 573 572 floris
604 510 700 571 vel
731 509 1149 571 racemulosis.
1584 530 1589 541 ¹

533 608 787 689 Species
855 607 1065 690 plures
1128 604 1436 686 legumine
1500 606 1783 688 stipitato
1814 647 1832 682 ‚
1907 607 1987 668 iis
2052 605 2466 685 leguminibus
2529 608 2720 669 sessi-

400 690 567 753 libus
612 691 855 754 donatis
908 694 1124 754 habitu
1176 690 1523 752 simillimae
1572 696 1759 765 sunt,
1824 696 1887 751 et
1930 691 2035 752 hic
2084 692 2405 752 character
2439 711 2560 752 non
2591 713 2720 754 ma-

400 778 496 857 gis
530 774 729 836 valere
764 779 1005 838 videtur
1039 780 1103 838 in
1139 779 1360 834 Hovea
1391 797 1569 855 quam
1608 774 1668 834 in
1711 776 2092 836 Crotalaria.
2139 777 2526 854 Plaeychilus
2573 797 2717 857 ergo

403 882 540 922 cum
588 864 806 921 Hovea
860 861 1316 943 conjungendus
1363 868 1505 933 est,
1573 880 1689 921 nec
1743 860 2054 923 diversum
2106 861 2349 923 videtur
2404 865 2721 937 Plaqiolo-

404 949 609 1025 bium,
668 945 950 1026 legumen
1001 950 1167 1007 enim
1214 949 1277 1006 in
1324 947 1604 1006 omnibus
1637 946 1867 1006 Hoveis
1913 947 2058 1027 plus
2091 948 2366 1008 minusve
2402 946 2721 1027 obliquum

403 1037 518 1094 est.
573 1081 650 1091 ....
703 1034 915 1093 Genus
966 1053 1001 1093 a
1046 1032 1360 1092 Genisteis
1406 1030 1611 1111 paullo
1653 1029 1891 1091 recedit
1934 1032 2194 1091 stamine
2248 1032 2482 1093 decimo
2530 1033 2721 1093 inter-

404 1116 547 1177 dum
575 1113 798 1195 libero,
849 1115 961 1178 sed
1010 1114 1160 1177 folia
1204 1116 1553 1197 simplicia,
1598 1121 1660 1173 et
1702 1118 2067 1194 praesertim
2112 1116 2403 1177 antherae
2448 1116 2721 1178 alternae

404 1201 777 1279 dissimiles,
824 1203 1183 1263 affinitatem
1222 1219 1359 1260 cum
1407 1200 1741 1280 generibus
1781 1201 2043 1261 caeteris
2080 1202 2513 1280 G‘enistearum
2540 1201 2722 1285 plane

401 1287 701 1350 indicant.

531 1386 679 1447 110.
721 1384 933 1445 Hovea
970 1398 1300 1462 punqens,
1356 1380 1525 1443 foliis
1572 1382 1910 1444 linearibus
1964 1384 2235 1462 margine
2276 1383 2574 1446 revolutis
2619 1405 2719 1445 re-
2792 1446 2796 1451 ,

403 1468 683 1541 ticulatis
731 1466 962 1547 glabris
1007 1468 1105 1529 vel
1157 1469 1442 1550 pilosulis
1494 1467 1711 1548 rigidis
1761 1470 1937 1549 apice
1991 1476 2346 1529 mucronato
2379 1505 2409 1517 -
2441 1489 2717 1550 pungen-

404 1556 612 1630 tibus,
686 1552 932 1634 stipulis
995 1555 1452 1627 setiformibus,
1522 1548 1851 1636 pedicellis
1900 1552 2111 1633 calyce
2154 1575 2374 1635 parum
2427 1554 2724 1635 longiori-

406 1640 559 1715 bus,
599 1640 804 1699 orario
839 1640 1123 1719 stipitato
1154 1638 1386 1718 glabro.

487 1738 662 1812 Kiny
693 1737 973 1810 θεον-968
1002 1739 1248 1798 Sound.
1297 1731 1586 1816 (Hiigel.)

539 1830 747 1883 Frutex
794 1837 1021 1884 erectus
1064 1833 1320 1902 rigidus,
1364 1831 1533 1882 ramis
1569 1829 2039 1898 pubescentibus.
2088 1829 2247 1881 Folia
2276 1830 2522 1897 sessilis,
2557 1827 2722 1903 4-{

398 1901 706 1968 pollicaria,
735 1904 1006 1970 patentia,
1034 1902 1407 1955 transversim
1429 1899 1757 1966 reticulata,
1789 1916 2063 1953 mucrone
2106 1906 2258 1952 recto
2288 1902 2498 1953 lineam
2521 1903 2719 1973 longo.

400 1973 652 2040 Stipnlae
677 1973 926 2042 rigidae,
964 1977 1100 2027 1...2
1138 1974 1238 2024 lin.
1268 1974 1494 2041 longae.
1543 1972 1802 2024 Pedio-oua·
1836 1972 2040 2023 breves
2072 1972 2331 2036 recurvi,
2373 1973 2597 2039 saepius
2632 1990 2724 2025 so-

399 2044 592 2095 litarii.
641 2042 960 2095 Bracteolae
985 2044 1207 2113 rigidae
1243 2043 1564 2095 setiformes
1587 2082 1601 2107 ,
1646 2039 1862 2110 calycis
1906 2042 2200 2095 dimidium
2230 2047 2561 2109 aequantes.
2617 2044 2725 2095 Ga-

404 2115 495 2181 lyx
527 2114 775 2165 molliter
808 2114 1073 2179 adpresse
1104 2116 1366 2175 villosus,
1402 2115 1690 2177 incurvae,
1728 2114 1874 2165 labio
1921 2114 2217 2179 superiore
2270 2114 2508 2164 maximo
2562 2117 2724 2165 trun-

404 2189 560 2250 cato,
602 2182 852 2236 breviter
885 2185 1239 2254 marginata,
1278 2185 1558 2235 inferioris
1602 2185 1823 2237 laciniis
1869 2182 2100 2236 dimidio
2131 2184 2440 2235 breviores.
2499 2185 2725 2236 Corolla

401 2270 706 2324 purpurea.
746 2255 951 2306 Carina
988 2257 1088 2307 alis
1117 2253 1347 2307 dimidio
1376 2255 1617 2323 brevior.
1655 2255 1910 2307 Stamina
1938 2253 2347 2322 monadelpha,
2393 2256 2602 2326 vagina
2632 2255 2719 2307 in-

403 2335 499 2378 tus
539 2327 691 2377 fissa.
736 2327 993 2378 Ovarium
1019 2327 1476 2382 2-30vulatum.

531 2416 675 2477 111.
719 2414 929 2476 Hovea
976 2419 1334 2491 crisperma,
1380 2414 1549 2475 foliis
1585 2384 2254 2493 oblongo-linearibus
2284 2411 2724 2476 lancee'latisve

406 2498 500 2559 vel
545 2500 944 2560 inferioribus
989 2499 1282 2585 ellipticis
1334 2519 1522 2579 supra
1566 2499 1914 2560 reticulatis
1961 2502 2181 2560 subtus
2214 2500 2722 2580 pubescentibuS,

403 2582 731 2687 pedicellis
783 2584 992 2665 calyce
1040 2585 1457 2660 brevioribus,
1514 2582 1929 2665 legumInibus
1976 2586 2280 2668 stipitatis
2324 2583 2557 2667 glabris
2607 2586 2723 2646 tri-

485 2691 516 2729 e
553 2689 690 2729 m1s.

407 2691 662 2842 εΡΙὲἱπρ
696 2770 975 2844 Georyes
1006 2771 1248 2838 Souna.
1293 2766 1582 2846 (Hiigel.)

546 2864 831 2933 Suffrutex
861 2866 1115 2928 videtur,
1146 2863 1395 2915 caulibus
1425 2863 1629 2914 erectis
1660 2861 2129 2929 pubescentibus.
2183 2861 2346 2911 Folia
2377 2864 2437 2913 et
2469 2860 2729 2912 inflores-

409 2934 593 2986 centia
629 2935 697 2990 H.
733 2935 974 2989 linearis.
1013 2934 1329 2986 Bracteolae
1357 2949 1581 3001 parvae.
1621 2934 1797 3000 Galyx
1831 2933 1961 3000 pilis
1992 2932 2262 2984 mol-libus
2298 2931 2581 2998 adpressis
2615 2932 2722 2983 vil·-

408 3006 596 3070 losus,
628 3007 777 3057 labio
809 3005 1103 3074 superiore
1129 3006 1365 3068 maximo
1385 3043 1398 3068 ,
1442 3002 1731 3055 inferioris
1773 3004 1989 3055 laciniis
2021 3001 2387 3056 brevissimis.
2444 3003 2723 3072 Legumen

406 3078 580 3147 longe
608 3078 925 3143 stipitatum
954 3077 1385 3146 subglobosum,
1416 3091 1617 3141 parum
1648 3074 1959 3142 obliquum,
1996 3075 2187 3125 minus
2208 3075 2526 3125 coriaceum
2554 3090 2725 3141 quam

407 3148 467 3198 in
498 3148 739 3198 caeteris
782 3147 1095 3215 speciebus.
1138 3145 1397 3197 Ovarium
1424 3151 1755 3199 constanter
1782 3145 2157 3198 triovulatum
2193 3146 2322 3196 vidi.

542 3235 681 3297 112.
731 3237 943 3297 Hovea
986 3237 1288 3294 Celsiana
1311 3233 1560 3315 (Bonpl.
1593 3236 1751 3293 Nav.
1789 3241 1853 3294 ec
1881 3235 2099 3294 Malm.
2140 3241 2182 3294 t.
2199 3237 2401 3295 51-
2422 3233 2731 3307 Bot.Rey.

411 3327 457 3381 t.
491 3322 688 3390 200.)
716 3321 1097 3396 frutescens,
1159 3318 1328 3381 foliis
1363 3320 1640 3380 obovatis
1678 3317 1963 3397 oblongis
2024 3319 2440 3380 subcoriaceis
2485 3316 2733 3378 lanceo-

410 3403 631 3465 latisve
664 3425 851 3486 supra
879 3404 1250 3466 reticulato·
1271 3406 1551 3477 venosis,
1613 3407 1834 3466 subtus
1870 3405 2139 3464 tenuiter
2175 3404 2540 3463 tomentosis
2565 3444 2582 3477 ,
2624 3422 2733 3484 pe-

412 3488 697 3551 dunculis
743 3488 1099 3551 axillaribus
1149 3488 1527 3571 plurifloris,
1587 3487 1817 3567 calycis
1873 3489 2037 3551 labio
2092 3491 2407 3568 superiore
2465 3488 2728 3547 inferius

411 3572 553 3655 plus
601 3572 787 3656 duplo
823 3581 1185 3657 superante,
1228 3573 1553 3652 leguminis
1593 3576 1853 3633 coriarei
1885 3571 2058 3633 valde
2088 3574 2324 3652 obliqui
2371 3573 2585 3654 stipite
2624 3593 2727 3632 ca-

411 3658 607 3738 lycem
636 3668 950 3740 aequante.
982 3656 1053 3732 ⁴⁸⁶)
1096 3712 1174 3720 .-.
1223 3662 1390 3734 Kiny
1427 3662 1706 3733 Georyes
1738 3661 1981 3718 Sound.
2022 3659 2310 3736 (Hiigel.)

543 3758 680 3821 113.
727 3760 937 3820 Hovea
991 3760 1580 3829 chorozemaef'olia
1631 3759 1751 3818 DC.
1783 3762 2001 3831 prodr.
2041 3760 2102 3818 2.
2132 3775 2195 3830 p.
2224 3759 2368 3818 116.
2408 3808 2489 3816 -.
2535 3755 2727 3818 Lind-

410 3842 514 3923 ley
545 3846 618 3902 in
653 3845 790 3904 Boc.
824 3848 975 3917 Rea.
1008 3852 1052 3907 t.
1087 3847 1289 3905 1524.
1335 3893 1415 3904 -
1460 3845 1633 3918 Kinq
1665 3845 1945 3917 Georyes
1985 3844 2227 3903 Souna.
2271 3840 2563 3920 (Hiigel.)

441 4030 489 4085 Ὀ
529 4036 644 4078 Huic
676 4039 847 4090 speciei
873 4037 1031 4078 habitu
1061 4038 1222 4078 similis
1253 4040 1326 4078 est
1358 4037 1509 4077 altera
1539 4038 1585 4077 in
1612 4037 1883 4079 collectione
1922 4035 2184 4076 Rauen-iana
2212 4041 2417 4087 servata,
2461 4038 2527 4076 ita
2569 4036 2729 4078 distin·

533 4097 739 4148 guenda:
775 4097 930 4137 Hovea
954 4094 1212 4148 longipes,
1241 4098 1502 4146 fruticosa,
1538 4098 1661 4137 foliis
1694 4097 1907 4136 obovntis
1939 4095 2147 4147 oblongis
2190 4096 2509 4137 subrhombeis
2551 4095 2733 4137 lanceo-

530 4154 724 4204 latisve,
759 4168 903 4208 supra
934 4157 1062 4196 venis
1097 4158 1355 4197 numerosis
1387 4157 1625 4209 paraiieHs
1660 4156 1871 4205 liuentis,
1906 4156 2075 4195 subtus
2105 4157 2307 4196 tenuiter
2336 4156 2627 4198 tomentosis.
2661 4167 2733 4195 ca·

530 4211 649 4266 lycis
682 4216 833 4255 brevis
860 4214 951 4257 iate
980 4216 1289 4267 campanulati
1325 4214 1459 4256 labiis
1490 4215 1777 4256 brevissimis
1808 4214 2218 4265 subaequilongis.
2253 4214 2498 4268 leguminis
2530 4215 2733 4255 coriacei

531 4271 663 4313 valde
691 4274 862 4324 obliqui
892 4276 1047 4327 stipite
1080 4275 1277 4327 calycem
1318 4274 1452 4327 longe
1487 4278 1758 4327 superante.
1793 4306 1843 4314 ..
1886 4271 2162 4311 Peduncali
2202 4272 2284 4312 vel
2328 4272 2566 4312 rac-emuli
2605 4272 2732 4312 asil-

530 4328 665 4369 lares
705 4336 751 4370 et
791 4331 1097 4374 terminales.
1133 4332 1332 4383 Calyce:
1367 4329 1599 4384 deflorati
1638 4329 1749 4371 basi
1792 4329 2080 4371 subintrusi.
2125 4332 2296 4372 Petala
2337 4329 2445 4370 balvi
2485 4332 2736 4372 distantia.

531 4387 752 4430 Stamina
777 4391 1097 4444 monadelplm
1129 4391 1210 4433 vel
1245 4390 1617 4445 eubdtadelplaa.
1650 4390 1812 4444 Stipes
1845 4389 2103 4444 leguminis
2134 4391 2249 4434 4,,ὄ
2276 4390 2369 4434 lin.
2392 4390 2596 4444 longus,
2643 4390 2733 4442 lig·

533 4459 699 4490 nosue.
2048 4465 2053 4469 ·
